@article{freeman2014active,
  title={Active learning increases student performance in science, engineering, and mathematics},
  author={Freeman, Scott and Eddy, Sarah L and McDonough, Miles and Smith, Michelle K and Okoroafor, Nnadozie and Jordt, Hannah and Wenderoth, Mary Pat},
  journal={Proceedings of the National Academy of Sciences},
  volume={111},
  number={23},
  pages={8410--8415},
  year={2014},
  publisher={National Acad Sciences}
}

@inproceedings{persson2011use,
  title={On the use of scrum in project driven higher education},
  author={Persson, Mia and Kruzela, Ivan and Allder, Kristina and Johansson, Olof and Johansson, Per},
  booktitle={Proc. the World Congress in Computer Science, Computer Engineering and Applied Computing},
  year={2011},
  organization={Citeseer}
}

@inproceedings{kropp2016teaching,
  title={Teaching Agile Collaboration Skills in the Classroom},
  author={Kropp, Martin and Meier, Andreas and Biddle, Robert},
  booktitle={2016 IEEE 29th International Conference on Software Engineering Education and Training (CSEET)},
  pages={118--127},
  year={2016},
  organization={IEEE}
}

@book{hattie2008visible,
  title={Visible learning: A synthesis of over 800 meta-analyses relating to achievement},
  author={Hattie, John},
  year={2008},
  publisher={Routledge}
}

@article{hansen2006benefits,
  title={Benefits and problems with student teams: Suggestions for improving team projects},
  author={Hansen, Randall S},
  journal={Journal of Education for business},
  volume={82},
  number={1},
  pages={11--19},
  year={2006},
  publisher={Taylor \& Francis}
}

@book{sheldon2011multiplayer,
  title={The multiplayer classroom: Designing coursework as a game},
  author={Sheldon, Lee},
  year={2011},
  publisher={Cengage Learning}
}